@book{microsoft-galaxies,
author = {Hey, Tony and Tansley, Stewart and Tolle, Kristin},
title = {The Fourth Paradigm: Data-Intensive Scientific Discovery},
booktitle = {The Fourth Paradigm: Data-Intensive Scientific Discovery},
year = {2009},
month = {October},
publisher = {Microsoft Research},
url = {https://www.microsoft.com/en-us/research/publication/fourth-paradigm-data-intensive-scientific-discovery/},
isbn = {978-0-9825442-0-4}
}